<?xml version="1.0" encoding="UTF-8"?><collection xmlns="http://www.loc.gov/MARC21/slim"><record><leader>00444nam--2200145-i-4500</leader><controlfield tag="001">000040450</controlfield><controlfield tag="002">20161230</controlfield><controlfield tag="005">20161230201042</controlfield><controlfield tag="008">060222s1000------------r-----000-0-eng-d</controlfield><datafield ind1=" " ind2=" " tag="080"><subfield code="a">621.38</subfield></datafield><datafield ind1=" " ind2=" " tag="100"><subfield code="a">Ryder, John D</subfield></datafield><datafield ind1=" " ind2=" " tag="245"><subfield code="a">Engineering electronics with industrial applications and control</subfield></datafield><datafield ind1=" " ind2=" " tag="260"><subfield code="a">New York, Mcgraw-hill Book Co., 1967, Xiii + 690p</subfield></datafield><datafield ind1=" " ind2=" " tag="490"><subfield code="a">Mcgraw-hill Electrical And Electronic Engineering Series</subfield></datafield><datafield ind1=" " ind2=" " tag="852"><subfield code="a">27678</subfield></datafield></record></collection>